@inproceedings{Biernacki08,
author = {Biernacki, Dariusz and Colaço, Jean-Louis and Hamon, Grégoire and Pouzet, Marc},
year = {2008},
month = {06},
pages = {121-130},
title = {Clock-directed modular code generation for synchronous data-flow languages},
volume = {43},
journal = {Sigplan Notices - SIGPLAN},
}

@inproceedings{Colaco05,
author = {Colaço, Jean-Louis and Pagano, Bruno and Pouzet, Marc},
year = {2005},
month = {01},
pages = {},
title = {A conservative extension of synchronous data-flow with state machines},
journal = {EMSOFT},
}
